@misc{youtube:COSE419-Lecture1-1,
	author       = {오학주[ 교수 / 컴퓨터학과 ]},
	title        = {COSE419 Lecture 1: Introduction to Software Analysis (1)},
	howpublished = {YouTube},
	year         = {2024},
	url          = {https://www.youtube.com/watch?v=AngZAxUIIys},
	note         = {Accessed: 2024-06-28}
}

@misc{youtube:COSE419-Lecture1-2,
	author       = {오학주[ 교수 / 컴퓨터학과 ]},
	title        = {COSE419 Lecture 1: Introduction to Software Analysis (2)},
	howpublished = {YouTube},
	year         = {2024},
	url          = {https://www.youtube.com/watch?v=xZ2yPZ-zWjY&t=7s},
	note         = {Accessed: 2024-06-28},
}

@misc{youtube:COSE419-Lecture4-1,
	author       = {오학주[ 교수 / 컴퓨터학과 ]},
	title        = {COSE419 Lecture 4: Propositional Logic (1)},
	howpublished = {YouTube},
	year         = {2024},
	url          = {https://www.youtube.com/watch?v=ImigmSCqyUE},
	note         = {Accessed: 2024-06-28},
}

@misc{youtube:COSE419-Lecture4-2,
	author       = {오학주[ 교수 / 컴퓨터학과 ]},
	title        = {COSE419 Lecture 4: Propositional Logic (2)},
	howpublished = {YouTube},
	year         = {2024},
	url          = {https://www.youtube.com/watch?v=-sBjLmDF4Wk},
	note         = {Accessed: 2024-06-28},
}

@misc{youtube:COSE419-Lecture4-3,
	author       = {오학주[ 교수 / 컴퓨터학과 ]},
	title        = {COSE419 Lecture 4: Propositional Logic (3)},
	howpublished = {YouTube},
	year         = {2024},
	url          = {https://www.youtube.com/watch?v=-fDGoz2ebb8},
	note         = {Accessed: 2024-06-28},
}

@misc{youtube:COSE419-Lecture5-1,
	author       = {오학주[ 교수 / 컴퓨터학과 ]},
	title        = {COSE419 Lecture 5: Problem Solving using SMT Solver (1)},
	howpublished = {YouTube},
	year         = {2024},
	url          = {https://www.youtube.com/watch?v=hyebtnoNvrE&t=843s},
	note         = {Accessed: 2024-06-28},
}

@misc{youtube:COSE419-Lecture5-2,
	author       = {오학주[ 교수 / 컴퓨터학과 ]},
	title        = {COSE419 Lecture 5: Problem Solving using SMT Solver (2)},
	howpublished = {YouTube},
	year         = {2024},
	url          = {https://www.youtube.com/watch?v=AcWXRPhsL7E&t=3480s},
	note         = {Accessed: 2024-06-28},
}

@misc{youtube:COSE419-Lecture5-3,
	author       = {오학주[ 교수 / 컴퓨터학과 ]},
	title        = {COSE419 Lecture 5: Problem Solving using SMT Solver (3)},
	howpublished = {YouTube},
	year         = {2024},
	url          = {https://www.youtube.com/watch?v=yhgecAwoSz0},
	note         = {Accessed: 2024-06-28},
}

@misc{naver:bycho211-1,
	author       = {bycho211},
	title        = {Course Overview},
	howpublished = {Naver Blog},
	year         = {2017},
	url          = {https://m.blog.naver.com/PostView.naver?blogId=bycho211&logNo=221104846938&fromRecommendationType=category&targetRecommendationDetailCode=1000},
	note         = {Accessed: 2024-06-28},
}